@BOOK{DUMMY:1,
	AUTHOR="John Doe",
	TITLE="The Book without Title",
	PUBLISHER="Dummy Publisher",
	YEAR="2100",
}
@BOOK{DUMMY:2,
	AUTHOR="John Doe2",
	TITLE="The Book without Title2",
	PUBLISHER="Dummy Publisher2",
	YEAR="2200",
}
@ARTICLE{ARTICLE:1,
	AUTHOR="John Doe3",
	TITLE="The  without Title3",
	JOURNAL="journal",
	YEAR="2300",
}
@MISC{WEBSITE:1,
	HOWPUBLISHED = "\url{http://example.com}",
	AUTHOR= "Intel",
	TITLE = "Example Website",
	MONTH = "Dec",
	YEAR = "1988",
	NOTE = "Accessed on 2012-11-11"
}
